@misc{ wikipediaFiveLaws,
    author = {S.R. Ranganathan},
    title = {Five laws of library science},
    year = {1931},
    url = {https://en.wikipedia.org/w/index.php?title=Five_laws_of_library_science&oldid=1264193150},
    publisher = {Wikipedia, The Free Encyclopedia},
    note = {Online; accessed 2025-03-06}
  }

@dataset{leaf_288,
  author       = {Silva, Pedro and Maral, Andr},
  title        = {Leaf},
  year         = {2013},
  howpublished = {UCI Machine Learning Repository},
  doi         = {10.24432/C53C78}
}

@book{lynne_ohanlon_introduction_2000,
	title = {Introduction to computer programming logic},
	isbn = {978-0-7872-7404-7},
	url = {http://archive.org/details/introductiontoco0000lynn_03ed},
	language = {eng},
	urldate = {2025-02-02},
	publisher = {Kendall/Hunt Pub. Co},
	author = {{Lynne O'Hanlon}},
	collaborator = {{Internet Archive}},
	year = {2000},
}

@Book{xie2015,
  title = {Dynamic Documents with {R} and knitr},
  author = {Yihui Xie},
  publisher = {Chapman and Hall/CRC},
  address = {Boca Raton, Florida},
  year = {2015},
  edition = {2nd},
  note = {ISBN 978-1498716963},
  url = {http://yihui.name/knitr/},
}
